@CONFERENCE{biba1,
  author = {Kolchin M., Kozlov F.},
  title = {A template-based information extraction from web sites with unstable markup–∏},
  booktitle = {Semantic Web Evaluation Challenge},
  year = {2014}
}