@ARTICLE{bib1,
  author = {Козлов, Ф.А.},
  title = {Организация отказоустойчивой репликации потоковых данных подсистемы транспорта сообщений в архитектуре CORBA при помощи технологии ZEROMQ},
  journal = {Научно-технический вестник информационных технологий, механики и оптики},
  year = {2013},
  volume = {2(84)},
  pages = {94-97}
}

@inproceedings{mouromtsev2014linking,
  title={Linking E-Learning Ontology Concepts with NLP Algorithms},
  author={Mouromtsev, Dmitry and Kozlov, Fedor and Kovriguina, Liubov and Parkhimovich, Olga},
  booktitle={Open Innovations Association (FRUCT16), 2014 16th Conference of},
  pages={60--65},
  year={2014},
  organization={IEEE}
}

@incollection{kozlov2014tool,
  title={A Tool to Convert Linked Data of E-Learning System to the SCORM Standard},
  author={Kozlov, Fedor},
  booktitle={Knowledge Engineering and the Semantic Web},
  pages={229--236},
  year={2014},
  publisher={Springer}
}

@inproceedings{mouromtsev2014combined,
  title={A combined method for e-learning ontology population based on nlp and user activity analysis},
  author={Mouromtsev, Dmitry and Kozlov, Fedor and Kovriguina, Liubov and Parkhimovich, Olga},
  booktitle={CEUR Workshop Proceedings: LILE 2014 Workshop Proceedings: Linked Learning Meets Linked Up: Learning and Education with the Web of Data},
  volume={1254},
  number={5},
  year={2014}
}

@incollection{mouromtsev2013development,
  title={Development of an ontology-based e-learning system},
  author={Mouromtsev, Dmitry and Kozlov, Fedor and Parkhimovich, Olga and Zelenina, Maria},
  booktitle={Knowledge Engineering and the Semantic Web},
  pages={273--280},
  year={2013},
  publisher={Springer}
}


@incollection{kolchin2014template,
  title={A template-based information extraction from web sites with unstable markup},
  author={Kolchin, Maxim and Kozlov, Fedor},
  booktitle={Semantic Web Evaluation Challenge},
  pages={89--94},
  year={2014},
  publisher={Springer}
}

@ARTICLE{biba6,
  author = {Стафеев С.К., Муромцев Д.И., Козлов Ф.А.},
  title = {ECOLE - Семантический агрегатор открытых образовательных ресурсов // Компьютерные инструменты в образовании},
  journal = {Компьютерные инструменты в образовании},
  year = {2015},
  volume = {1},
  pages = {51-62}
}


@inproceedings{mouromtsev2015ecole,
  title={ECOLE: Student Knowledge Assessment in the Education Process},
  author={Mouromtsev, Dmitry and Kozlov, Fedor and Kovriguina, Liubov and Parkhimovich, Olga},
  booktitle={Proceedings of the 24th International Conference on World Wide Web Companion},
  pages={695--700},
  year={2015},
  organization={International World Wide Web Conferences Steering Committee}
}
